@book{PPL_Alfaomega,
  author    = {Sixto Ríos Insua; David Ríos Insua; Alfonso Mateos; Jacinto Martín},
  title     = {Programación Lineal y Aplicaciones (Ejercicios Resueltos)},
  year      = {1998},
  publisher = {Alfaomega},
  edition   = {1st},
}